@Book{voss:einfuehrung,
 author = {Herbert Voß}, 
 title = {Einführung in \LaTeX{}},
 publisher = {DANTE~e.V. and Lehmanns Media},
 location = {Berlin and Heidelberg},
 year = {2016},
 edition = {2},
}
@Book{voss:bibliografien,
 author = {Herbert Voß}, 
 title = {Bibliografien mit \LaTeX{}},
 publisher = {DANTE~e.V. and Lehmanns Media},
 location = {Berlin and Heidelberg},
 year = {2016},
 edition = {2}
}
@Book{voss:praesentationen,
 author = {Herbert Voß}, 
 title = {Präsentationen mit \LaTeX{}},
 publisher = {DANTE~e.V. and Lehmanns Media},
 location = {Berlin and Heidelberg},
 year = {2012},
 edition = {2}
}
@Book{voss:referenz,
 author = {Herbert Voß}, 
 title = {\LaTeX{} Referenz},
 publisher = {DANTE~e.V. and Lehmanns Media},
 location = {Berlin and Heidelberg},
 year = {2014},
 edition = {3}
}
@Book{voss:tabellen,
 author = {Herbert Voß}, 
 title = {Tabellen mit \LaTeX},
 publisher = {DANTE~e.V. and Lehmanns Media},
 location = {Berlin and Heidelberg},
 year = {2010},
 edition = {2}
}
@Book{voss:pstricks,
 author = {Herbert Voß}, 
 title = {PSTricks. Grafik mit PostScript für \TeX{} und \LaTeX{}},
 publisher = {DANTE~e.V. and Lehmanns Media},
 location = {Berlin and Heidelberg},
 year = {2016},
 edition = {7}
}
@book{rouquette:2012,
 author = {Maïeul Rouquette},
 title = {\XeLaTeX{} appliqué aux sciences humaines},
 publisher = {Atramenta},
 location = {Tampere (Fi)},
 year = {2014}
}
@article{kielhorn:dtk2014,
 author = {Axel Kielhorn},
 title = {\LaTeX{} für Nichtlateiner},
 journal = {DTK},
 year = {2014},
 number = {2},
 pages = {94-99}
 }
@book{kohm:2014,
 author = {Markus Kohm},
 title = {KOMA-Script},
 subtitle = {Eine Sammlung von Klassen und Paketen für \LaTeXe{}},
 publisher = {Lehmanns and DANTE~e.V.},
 location = {Berlin},
 year = {2014},
 edition = {5}
 }
@book{erste_hilfe,
 author = {Hans Peter Willberg and Friedrich Forssmann},
 title  = {Erste Hilfe in Typografie},
 subtitle = {Ratgeber für Gestaltung mit Schrift},
 publisher = {Hermann Schmidt},
 location  = {Mainz},
 year      = {2001},
 edition   = {3}
 }
@book{lesetypografie,
 author = {Hans Peter Willberg and Friedrich Forssmann},
 title  = {Lesetypographie},
 publisher = {Hermann Schmidt},
 location  = {Mainz},
 year      = {XXXX},
 edition   = {2}
 }
 @article{roemer:dtk2016,
 author = {Christine Römer},
 title = {Konstituentenstrukturen einfach und schön mit forest},
 journal = {DTK},
 year = {2016},
 number = {2},
 pages = {57-62}
 }
@article{roemer:dtk2008,
 author = {Christine Römer},
 title = {PSTricks für linguistische Texte},
 journal = {DTK},
 year = {2008},
 number = {2},
 pages = {31-52}
 }
@article{voss:dtk20011/1,
 author = {Herbert Voß},
 title = {detexify -- Wie findet man ein Symbol?},
 journal = {DTK},
 year = {2011},
 number = {1},
 pages = {67-70}
 }
@article{wassenhoven:dtk2008/2,
 author = {Dominik Waßenhoven},
 title = {Bibliographien erstellen mit biblatex (Teil 1)},
 journal = {DTK},
 year = {2008},
 number = {2},
 pages = {53-75}
 }
@article{wassenhoven:dtk2008/4,
 author = {Dominik Waßenhoven},
 title = {Bibliographien erstellen mit biblatex (Teil 2)},
 journal = {DTK},
 year = {2008},
 number = {4},
 pages = {31-50}
 }
@article{meyer:dtk2015/1,
 author = {Thomas Hilarius Meyer},
 title = {\TeX{}nik im Wolkenkuckucksheim? Webbasierte \LaTeX-Editoren im Überblick},
 journal = {DTK},
 year = {2015},
 number = {1},
 pages = {10-17}
 }
@article{ziegenhagen:dtk2016/2,
 author = {Uwe Ziegenhagen},
 title = {Klausuren erstellen mit der Dokumentklasse exam},
 journal = {DTK},
 year = {2016},
 number = {2},
 pages = {40-51}
 }
@article{sarman:dtk2009/1,
 author = {Stanislav Jan Šarman},
 title = {DEK-Verkehrsschrift mit \METAFONT{} und \LaTeX{}},
 journal = {DTK},
 year = {2009},
 number = {1},
 pages = {7-20}
 }
@article{entenmann:dtk2012/4,
 author = {Walter Entenmann},
 title = {Schulschriften -- von Sütterlin bis heute},
 journal = {DTK},
 year  = {2012},
 number = {4},
 pages = {29-57}
 }
@article{stockhausen:mde2016/2,
 author = {von Stockhausen, Annette},
 gender = {sf},
 title = {Zwischen zwei Welten},
 subtitle = {Ein Langzeitprojekt in Zeiten des digitalen Umbruchs},
 pages = {33--41},
 journal = {Magazin für digitale Editionswissenschaften},
 volume = {2},
 date = {2016}
}
